<?xml version="1.0" encoding="UTF-8"?>
  <record xmlns="http://www.loc.gov/MARC21/slim" type="Authority">
    <leader>00000nz  a2200000nc 4500</leader>
    <controlfield tag="001">130812099</controlfield>
    <controlfield tag="003">DE-101</controlfield>
    <controlfield tag="005">20220804123839.0</controlfield>
    <controlfield tag="008">060112n||aznnnaabn           | aaa    |c</controlfield>
    <datafield tag="024" ind1="7" ind2=" ">
      <subfield code="a">130812099</subfield>
      <subfield code="0">http://d-nb.info/gnd/130812099</subfield>
      <subfield code="2">gnd</subfield>
    </datafield>
    <datafield tag="035" ind1=" " ind2=" ">
      <subfield code="a">(DE-101)130812099</subfield>
    </datafield>
    <datafield tag="035" ind1=" " ind2=" ">
      <subfield code="a">(DE-588)130812099</subfield>
    </datafield>
    <datafield tag="035" ind1=" " ind2=" ">
      <subfield code="z">(DE-588a)130812099</subfield>
      <subfield code="9">v:zg</subfield>
    </datafield>
    <datafield tag="040" ind1=" " ind2=" ">
      <subfield code="a">DE-12</subfield>
      <subfield code="c">DE-12</subfield>
      <subfield code="9">r:DE-12</subfield>
      <subfield code="b">ger</subfield>
      <subfield code="d">2214</subfield>
    </datafield>
    <datafield tag="042" ind1=" " ind2=" ">
      <subfield code="a">gnd1</subfield>
    </datafield>
    <datafield tag="043" ind1=" " ind2=" ">
      <subfield code="c">XA-DE</subfield>
    </datafield>
    <datafield tag="075" ind1=" " ind2=" ">
      <subfield code="b">p</subfield>
      <subfield code="2">gndgen</subfield>
    </datafield>
    <datafield tag="075" ind1=" " ind2=" ">
      <subfield code="b">piz</subfield>
      <subfield code="2">gndspec</subfield>
    </datafield>
    <datafield tag="079" ind1=" " ind2=" ">
      <subfield code="a">g</subfield>
      <subfield code="q">a</subfield>
      <subfield code="q">f</subfield>
    </datafield>
    <datafield tag="100" ind1="1" ind2=" ">
      <subfield code="a">Zeschwiz, Ursula Catharina</subfield>
      <subfield code="d">1624-1682</subfield>
    </datafield>
    <datafield tag="400" ind1="1" ind2=" ">
      <subfield code="a">Zezschwitz, Ursula Catharina &#152;von&#156;</subfield>
      <subfield code="d">1624-1682</subfield>
    </datafield>
    <datafield tag="400" ind1="1" ind2=" ">
      <subfield code="a">Zeschwitz, Ursula Catharina &#152;von&#156;</subfield>
      <subfield code="d">1624-1682</subfield>
    </datafield>
    <datafield tag="400" ind1="1" ind2=" ">
      <subfield code="a">Zeschwiz, Ursula Catharina &#152;von&#156;</subfield>
      <subfield code="d">1624-1682</subfield>
    </datafield>
    <datafield tag="400" ind1="1" ind2=" ">
      <subfield code="a">Zezschwitz, Ursula Catharina</subfield>
      <subfield code="d">1624-1682</subfield>
    </datafield>
    <datafield tag="400" ind1="1" ind2=" ">
      <subfield code="a">Zeschwitz, Ursula Catharina</subfield>
      <subfield code="d">1624-1682</subfield>
    </datafield>
    <datafield tag="400" ind1="1" ind2=" ">
      <subfield code="a">Zeschwiz, Ursula Katharina</subfield>
      <subfield code="d">1624-1682</subfield>
    </datafield>
    <datafield tag="400" ind1="1" ind2=" ">
      <subfield code="a">Zezschwitz, Ursula Katharina</subfield>
      <subfield code="d">1624-1682</subfield>
    </datafield>
    <datafield tag="400" ind1="1" ind2=" ">
      <subfield code="a">Zeschwitz, Ursula Katharina</subfield>
      <subfield code="d">1624-1682</subfield>
    </datafield>
    <datafield tag="400" ind1="1" ind2=" ">
      <subfield code="a">Zeschwiz, Ursula Katharina &#152;von&#156;</subfield>
      <subfield code="d">1624-1682</subfield>
    </datafield>
    <datafield tag="400" ind1="1" ind2=" ">
      <subfield code="a">Zezschwitz, Ursula Katharina &#152;von&#156;</subfield>
      <subfield code="d">1624-1682</subfield>
    </datafield>
    <datafield tag="400" ind1="1" ind2=" ">
      <subfield code="a">Zeschwitz, Ursula Katharina &#152;von&#156;</subfield>
      <subfield code="d">1624-1682</subfield>
    </datafield>
    <datafield tag="400" ind1="1" ind2=" ">
      <subfield code="a">Zeschwizin, Ursula Catharina</subfield>
      <subfield code="d">1624-1682</subfield>
    </datafield>
    <datafield tag="400" ind1="1" ind2=" ">
      <subfield code="a">Zeschwizinn, Ursula Katharina</subfield>
      <subfield code="d">1624-1682</subfield>
    </datafield>
    <datafield tag="400" ind1="1" ind2=" ">
      <subfield code="a">Zeschwiz, Ursula Katharina</subfield>
      <subfield code="d">1624-1682</subfield>
    </datafield>
    <datafield tag="400" ind1="1" ind2=" ">
      <subfield code="a">Zeschwitzin, Ursula Katarina</subfield>
      <subfield code="d">1624-1682</subfield>
    </datafield>
    <datafield tag="400" ind1="1" ind2=" ">
      <subfield code="a">Mutschelnitz, Ursula Catharina &#152;von&#156;</subfield>
      <subfield code="d">1624-1682</subfield>
      <subfield code="4">nafr</subfield>
      <subfield code="4">https://d-nb.info/standards/elementset/gnd#EarlierNameOfThePerson</subfield>
      <subfield code="w">r</subfield>
      <subfield code="i">Frueherer Name</subfield>
      <subfield code="e">Frueherer Name</subfield>
    </datafield>
    <datafield tag="400" ind1="1" ind2=" ">
      <subfield code="a">Mutschelnitz, Ursula Katharina &#152;von&#156;</subfield>
      <subfield code="d">1624-1682</subfield>
    </datafield>
    <datafield tag="400" ind1="1" ind2=" ">
      <subfield code="a">Mutschelniz, Ursula Catharina &#152;von&#156;</subfield>
      <subfield code="d">1624-1682</subfield>
    </datafield>
    <datafield tag="400" ind1="1" ind2=" ">
      <subfield code="a">Mutschelniz, Ursula Katharina &#152;von&#156;</subfield>
      <subfield code="d">1624-1682</subfield>
    </datafield>
    <datafield tag="400" ind1="1" ind2=" ">
      <subfield code="a">Kreischelwitz, Ursula Catharina &#152;von&#156;</subfield>
      <subfield code="d">1624-1682</subfield>
      <subfield code="4">nafr</subfield>
      <subfield code="4">https://d-nb.info/standards/elementset/gnd#EarlierNameOfThePerson</subfield>
      <subfield code="w">r</subfield>
      <subfield code="i">Frueherer Name</subfield>
      <subfield code="e">Frueherer Name</subfield>
    </datafield>
    <datafield tag="400" ind1="1" ind2=" ">
      <subfield code="a">Kreischelwitz und Jacobsdorf, Ursula Catharina &#152;von&#156;</subfield>
      <subfield code="d">1624-1682</subfield>
    </datafield>
    <datafield tag="400" ind1="1" ind2=" ">
      <subfield code="a">Kreischelwiz, Ursula Catharina &#152;von&#156;</subfield>
      <subfield code="d">1624-1682</subfield>
    </datafield>
    <datafield tag="400" ind1="1" ind2=" ">
      <subfield code="a">Kreischelwizin, Ursula Catharina &#152;von&#156;</subfield>
      <subfield code="d">1624-1682</subfield>
    </datafield>
    <datafield tag="400" ind1="1" ind2=" ">
      <subfield code="a">Kreischelwitz, Ursula Katharina &#152;von&#156;</subfield>
      <subfield code="d">1624-1682</subfield>
    </datafield>
    <datafield tag="400" ind1="1" ind2=" ">
      <subfield code="a">Kreischelwitz und Jacobsdorf, Ursula Katharina &#152;von&#156;</subfield>
      <subfield code="d">1624-1682</subfield>
    </datafield>
    <datafield tag="400" ind1="1" ind2=" ">
      <subfield code="a">Kreischelwiz, Ursula Katharina &#152;von&#156;</subfield>
      <subfield code="d">1624-1682</subfield>
    </datafield>
    <datafield tag="400" ind1="1" ind2=" ">
      <subfield code="a">Kreischelwizin, Ursula Katharina &#152;von&#156;</subfield>
      <subfield code="d">1624-1682</subfield>
    </datafield>
    <datafield tag="400" ind1="1" ind2=" ">
      <subfield code="a">Kreischelwitz, Ursula Katharina &#152;von&#156;</subfield>
      <subfield code="d">1624-1682</subfield>
    </datafield>
    <datafield tag="400" ind1="1" ind2=" ">
      <subfield code="a">Kreischelwitz, Ursula Catharina</subfield>
      <subfield code="d">1624-1682</subfield>
    </datafield>
    <datafield tag="400" ind1="1" ind2=" ">
      <subfield code="a">Kreischelwitz, Ursula Katharina</subfield>
      <subfield code="d">1624-1682</subfield>
    </datafield>
    <datafield tag="400" ind1="1" ind2=" ">
      <subfield code="a">Kreischelwitzin, Ursula Catharina</subfield>
      <subfield code="d">1624-1682</subfield>
    </datafield>
    <datafield tag="400" ind1="1" ind2=" ">
      <subfield code="a">Kreischelwiz, Ursula Catharina</subfield>
      <subfield code="d">1624-1682</subfield>
    </datafield>
    <datafield tag="500" ind1="1" ind2=" ">
      <subfield code="0">(DE-101)107910433X</subfield>
      <subfield code="0">(DE-588)107910433X</subfield>
      <subfield code="0">https://d-nb.info/gnd/107910433X</subfield>
      <subfield code="a">Mutschelnitz, Hans Friedrich &#152;von&#156;</subfield>
      <subfield code="d">1648-1721</subfield>
      <subfield code="4">bezf</subfield>
      <subfield code="4">https://d-nb.info/standards/elementset/gnd#familialRelationship</subfield>
      <subfield code="w">r</subfield>
      <subfield code="i">Beziehung familiaer</subfield>
      <subfield code="e">Beziehung familiaer</subfield>
      <subfield code="9">v:Sohn</subfield>
    </datafield>
    <datafield tag="548" ind1=" " ind2=" ">
      <subfield code="a">1624-1682</subfield>
      <subfield code="4">datl</subfield>
      <subfield code="4">https://d-nb.info/standards/elementset/gnd#dateOfBirthAndDeath</subfield>
      <subfield code="w">r</subfield>
      <subfield code="i">Lebensdaten</subfield>
    </datafield>
    <datafield tag="548" ind1=" " ind2=" ">
      <subfield code="a">19.07.1624-19.10.1682</subfield>
      <subfield code="4">datx</subfield>
      <subfield code="4">https://d-nb.info/standards/elementset/gnd#dateOfBirthAndDeath</subfield>
      <subfield code="w">r</subfield>
      <subfield code="i">Exakte Lebensdaten</subfield>
    </datafield>
    <datafield tag="551" ind1=" " ind2=" ">
      <subfield code="0">(DE-101)1221616404</subfield>
      <subfield code="0">(DE-588)1221616404</subfield>
      <subfield code="0">https://d-nb.info/gnd/1221616404</subfield>
      <subfield code="a">Szczepanów</subfield>
      <subfield code="4">ortg</subfield>
      <subfield code="4">https://d-nb.info/standards/elementset/gnd#placeOfBirth</subfield>
      <subfield code="w">r</subfield>
      <subfield code="i">Geburtsort</subfield>
    </datafield>
    <datafield tag="551" ind1=" " ind2=" ">
      <subfield code="0">(DE-101)982739060</subfield>
      <subfield code="0">(DE-588)10158763-6</subfield>
      <subfield code="0">https://d-nb.info/gnd/10158763-6</subfield>
      <subfield code="a">Schönberg, Oberlausitz</subfield>
      <subfield code="4">orts</subfield>
      <subfield code="4">https://d-nb.info/standards/elementset/gnd#placeOfDeath</subfield>
      <subfield code="w">r</subfield>
      <subfield code="i">Sterbeort</subfield>
    </datafield>
    <datafield tag="551" ind1=" " ind2=" ">
      <subfield code="0">(DE-101)04261631X</subfield>
      <subfield code="0">(DE-588)4261631-1</subfield>
      <subfield code="0">https://d-nb.info/gnd/4261631-1</subfield>
      <subfield code="a">Dieban</subfield>
      <subfield code="4">ortw</subfield>
      <subfield code="4">https://d-nb.info/standards/elementset/gnd#placeOfActivity</subfield>
      <subfield code="w">r</subfield>
      <subfield code="i">Wirkungsort</subfield>
    </datafield>
    <datafield tag="667" ind1=" " ind2=" ">
      <subfield code="a">12</subfield>
    </datafield>
    <datafield tag="667" ind1=" " ind2=" ">
      <subfield code="a">VD-17</subfield>
    </datafield>
    <datafield tag="670" ind1=" " ind2=" ">
      <subfield code="a">Vorlage</subfield>
    </datafield>
    <datafield tag="672" ind1=" " ind2="0">
      <subfield code="a">Kopisch, Christian Ernst: Bei Dem HochAdelichen Leich-Begängnüs Der Hoch-Edelgebohrnen Frauen, Frauen Ursula Catharina Zeschwizin, Gebohrnen Kreischelwitzin, verwittibten Fürstl. Brigischen Hof-Marschallin ... - [1683]</subfield>
    </datafield>
    <datafield tag="678" ind1=" " ind2=" ">
      <subfield code="b">Tochter des Fürstl.-Liegnitz-Briegischen Hofmarschalls Hans von Kreischelwitz und Jacobsdorf; ab 1640 Ehefrau des Hans Friedrich von Mutschelnitz; 1660-1661 Ehefrau des Briegischen Hofmarschalls Christoph von Zezschwitz; Herrin auf Dieban</subfield>
    </datafield>
    <datafield tag="912" ind1=" " ind2=" ">
      <subfield code="z">2022-07-23</subfield>
      <subfield code="b">a-DE-547-RTS(Gotha) e-DE-39</subfield>
      <subfield code="a">Bitte Ansetzung "Zezschwitz, Ursula Catharina von"</subfield>
    </datafield>
    <datafield tag="913" ind1=" " ind2=" ">
      <subfield code="S">pnd</subfield>
      <subfield code="i">a</subfield>
      <subfield code="a">Zeschwiz, Ursua Catharina</subfield>
      <subfield code="0">(DE-588a)130812099</subfield>
    </datafield>
  </record>
